<?xml version="1.0" encoding="UTF-8"?>
<marc:collection xmlns="http://www.loc.gov/MARC21/slim" xmlns:marc="http://www.loc.gov/MARC21/slim" xmlns:xsi="http://www.w3.org/2001/XMLSchema-instance" xsi:schemaLocation="http://www.loc.gov/standards/marcxml/schema/MARC21slim.xsd http://www.loc.gov/MARC21/slim">
  <record>
    <leader>00000npcaa2200000 u 4500</leader>
    <controlfield tag="008">180202i19441963xx                  eng d</controlfield>
    <datafield ind1=" " ind2=" " tag="040">
      <subfield code="a">DWP</subfield>
      <subfield code="b">eng</subfield>
      <subfield code="c">DWP</subfield>
      <subfield code="e">dacs</subfield>
    </datafield>
    <datafield ind1="0" ind2="7" tag="041">
      <subfield code="a">eng</subfield>
      <subfield code="2">iso639-2b</subfield>
    </datafield>
    <datafield ind1=" " ind2=" " tag="049">
      <subfield code="a">DWP</subfield>
    </datafield>
    <datafield ind1=" " ind2=" " tag="099">
      <subfield code="a">083</subfield>
    </datafield>
    <datafield ind1="0" ind2="0" tag="245">
      <subfield code="a">Friendship Citizens Association Collection,</subfield>
      <subfield code="f">1944-1963</subfield>
    </datafield>
    <datafield ind1=" " ind2=" " tag="300">
      <subfield code="a">0.5</subfield>
      <subfield code="f">linear feet; 1 box</subfield>
    </datafield>
    <datafield ind1="2" ind2=" " tag="520">
      <subfield code="a">This collection consists of correspondence, programs, newsletters, meeting minutes, resolutions, and other materials related to the Friendship Citizens Association of Washington, DC.  Of particular interest to the Association was the proposed construction of a new branch of the DC Public Library in the Tenley-Friendship neighborhood.</subfield>
    </datafield>
    <datafield ind1=" " ind2=" " tag="545">
      <subfield code="a">This collection consists of correspondence, notes, pamphlets, newspaper clippings, legal records, and legislative materials regarding Mrs. Hanes work with Reading Is Fundamental and the problem with sewage and water pipe breaks in Washington, DC.</subfield>
    </datafield>
    <datafield ind1=" " ind2=" " tag="546">
      <subfield code="a">English.</subfield>
    </datafield>
    <datafield ind1="1" ind2=" " tag="561">
      <subfield code="a">Richard A. Williams, a former member of the Friendship Citizens Association, donated these materials to the Washingtoniana Division in 1984.</subfield>
    </datafield>
    <datafield ind1=" " ind2="7" tag="650">
      <subfield code="a">Neighborhoods</subfield>
      <subfield code="2">Library of Congress Subject Headings</subfield>
    </datafield>
    <datafield ind1=" " ind2="0" tag="650">
      <subfield code="a">Associations, institutions, etc</subfield>
    </datafield>
    <datafield ind1=" " ind2=" " tag="852">
      <subfield code="a">DWP</subfield>
    </datafield>
    <datafield ind1="4" ind2="2" tag="856">
      <subfield code="z">Finding aid online:</subfield>
      <subfield code="u">http://washingtoniana.dclibrary.org</subfield>
    </datafield>
  </record>
</marc:collection>

